<?xml version="1.0" encoding="UTF-8"?><record xmlns="http://www.loc.gov/MARC21/slim" xmlns:cinclude="http://apache.org/cocoon/include/1.0" xmlns:zs="http://www.loc.gov/zing/srw/">
  <leader>00462nz  a2200133n  4500</leader>
  <controlfield tag="001">no2001085089</controlfield>
  <controlfield tag="003">DLC</controlfield>
  <controlfield tag="005">20011026122231.0</controlfield>
  <controlfield tag="008">011025n| acannaabn          |n aaa     c</controlfield>
  <datafield tag="010" ind1=" " ind2=" ">
    <subfield code="a">no2001085089</subfield>
  </datafield>
  <datafield tag="035" ind1=" " ind2=" ">
    <subfield code="a">(OCoLC)oca05610831</subfield>
  </datafield>
  <datafield tag="040" ind1=" " ind2=" ">
    <subfield code="a">Vi</subfield>
    <subfield code="b">eng</subfield>
    <subfield code="c">Vi</subfield>
  </datafield>
  <datafield tag="100" ind1="1" ind2=" ">
    <subfield code="a">Durham, Suzanne K.</subfield>
  </datafield>
  <datafield tag="670" ind1=" " ind2=" ">
    <subfield code="a">Theologian, musician, author and educator, c2001:</subfield>
    <subfield code="b">cover (Suzanne K. Durham, special collections librarian at the L. Douglas Wilder Library at Virginia Union University)</subfield>
  </datafield>
</record>